Automatically generated by Mendeley Desktop 1.17.9
Any changes to this file will be lost if it is regenerated by Mendeley.

BibTeX export options can be customized via Preferences -> BibTeX in Mendeley Desktop

@book{Bishop2006,
author = {Bishop, Christopher M.},
file = {:Users/haziqjamil/Documents/Mendeley Desktop/Bishop/Unknown/Bishop - 2006 - Pattern Recognition and Machine Learning.pdf:pdf},
publisher = {Springer},
title = {{Pattern Recognition and Machine Learning}},
year = {2006}
}
